<?xml version="1.0" encoding="UTF-8"?><collection xmlns="http://www.loc.gov/MARC21/slim"><record><leader>00460nam--2200169-i-4500</leader><controlfield tag="001">000024447</controlfield><controlfield tag="002">20161230</controlfield><controlfield tag="005">20161230201035</controlfield><controlfield tag="008">060222s1000------------r-----000-0-eng-d</controlfield><datafield ind1=" " ind2=" " tag="080"><subfield code="a">517.986.6:061.3</subfield></datafield><datafield ind1="1" ind2=" " tag="100"><subfield code="a">Mauceri,Giancarlo s.a.(ed.)</subfield></datafield><datafield ind1=" " ind2=" " tag="245"><subfield code="a">Harmonic analysis</subfield></datafield><datafield ind1=" " ind2=" " tag="260"><subfield code="a">Berlin, Springer-verlag, 1983. 449 P</subfield></datafield><datafield ind1=" " ind2=" " tag="490"><subfield code="a">Lecture Notes In Math</subfield><subfield code="v">Vol.992</subfield></datafield><datafield ind1=" " ind2=" " tag="700"><subfield code="a">Giancarlo Mauceri</subfield></datafield><datafield ind1=" " ind2=" " tag="852"><subfield code="a">72107</subfield><subfield code="c">517.9</subfield></datafield><datafield ind1=" " ind2=" " tag="CAT"><subfield code="a">Sys</subfield><subfield code="c">20090424</subfield><subfield code="h">090432</subfield></datafield></record></collection>